<record><leader>00000cas a22000007a 4500</leader><controlfield tag="001">12619490</controlfield><controlfield tag="008">850930c19249999iaudn ne      0   a0eng d</controlfield><datafield ind1=" " ind2=" " tag="010"><subfield code="a">sn 85050902 </subfield></datafield><datafield ind1=" " ind2=" " tag="040"><subfield code="a">INP</subfield><subfield code="b">eng</subfield><subfield code="c">INP</subfield><subfield code="d">NSD</subfield><subfield code="d">OCLCQ</subfield></datafield><datafield ind1=" " ind2=" " tag="012"><subfield code="m">1</subfield></datafield><datafield ind1="1" ind2=" " tag="022"><subfield code="a">1050-4087</subfield><subfield code="l">1050-4087</subfield><subfield code="2">1</subfield></datafield><datafield ind1=" " ind2=" " tag="032"><subfield code="a">060800</subfield><subfield code="b">USPS</subfield></datafield><datafield ind1=" " ind2=" " tag="037"><subfield code="b">Boone News-Republican, 812 Keeler St., Boone, IA 50036</subfield></datafield><datafield ind1=" " ind2=" " tag="042"><subfield code="a">msc</subfield><subfield code="a">nsdp</subfield></datafield><datafield ind1="0" ind2=" " tag="130"><subfield code="a">Boone news-Republican (Boone, Iowa : 1924)</subfield></datafield><datafield ind1=" " ind2="0" tag="222"><subfield code="a">Boone news-Republican</subfield><subfield code="b">(1924)</subfield></datafield><datafield ind1="1" ind2="0" tag="245"><subfield code="a">Boone news-Republican.</subfield></datafield><datafield ind1="3" ind2="0" tag="246"><subfield code="a">Sunday Boone news-Republican</subfield></datafield><datafield ind1=" " ind2=" " tag="260"><subfield code="a">Boone, Iowa :</subfield><subfield code="b">S.G. Goldthwaite,</subfield><subfield code="c">1924-</subfield></datafield><datafield ind1=" " ind2=" " tag="300"><subfield code="a">v. :</subfield><subfield code="b">ill. ;</subfield><subfield code="c">57 cm.</subfield></datafield><datafield ind1=" " ind2=" " tag="310"><subfield code="a">Daily (except Tues., Sat., Sun. and holidays),</subfield><subfield code="b">&lt;Apr. 4, 1990-&gt;</subfield></datafield><datafield ind1=" " ind2=" " tag="321"><subfield code="a">Daily (except Sunday),</subfield><subfield code="b">Jan. 2, 1924-May 14, 1976</subfield></datafield><datafield ind1=" " ind2=" " tag="321"><subfield code="a">Daily (except Saturday),</subfield><subfield code="b">May 16, 1976-</subfield></datafield><datafield ind1="0" ind2=" " tag="362"><subfield code="a">Vol. 36, no. 1 (Jan. 2, 1924)-</subfield></datafield><datafield ind1=" " ind2=" " tag="500"><subfield code="a">Sunday edition called: Sunday Boone news-Republican, issued May 16, 1976-</subfield></datafield><datafield ind1=" " ind2=" " tag="500"><subfield code="a">Boone centennial edition published Sept. 13, 1965; "American bicentennial 200th birthday celebration" issue published July 9, 1976.</subfield></datafield><datafield ind1=" " ind2=" " tag="500"><subfield code="a">Publisher varies.</subfield></datafield><datafield ind1=" " ind2=" " tag="515"><subfield code="a">Vol. 86, no. 267-v. 108, no. 266 omitted in numbering.</subfield></datafield><datafield ind1=" " ind2=" " tag="515"><subfield code="a">Issues for Jan. 2, 1924-Nov. 8, 1973, also called N.-R. v. 18, no. 78-v. 68, no. 34.</subfield></datafield><datafield ind1=" " ind2=" " tag="525"><subfield code="a">Includes occasional supplements.</subfield></datafield><datafield ind1=" " ind2=" " tag="588"><subfield code="a">Latest issue consulted: Vol. 125, no. 69 (Apr. 4, 1990).</subfield></datafield><datafield ind1=" " ind2=" " tag="752"><subfield code="a">United States</subfield><subfield code="b">Iowa</subfield><subfield code="c">Boone</subfield><subfield code="d">Boone.</subfield></datafield><datafield ind1="0" ind2="0" tag="780"><subfield code="t">Boone news-Republican and pioneer</subfield><subfield code="w">(DLC)sn 85050901</subfield></datafield></record>